{"id": "gen9ou-1947485514", "p1": "InfinityZeroR", "p2": "TooTall7", "format": "gen9ou", "log": "|j|\u2606InfinityZeroR\n|j|\u2606TooTall7\n|t:|1695165265\n|gametype|singles\n|player|p1|InfinityZeroR|2|1046\n|player|p2|TooTall7|1|1147\n|teamsize|p1|6\n|teamsize|p2|6\n|gen|9\n|tier|[Gen 9] OU\n|rated|\n|rule|Sleep Clause Mod: Limit one foe put to sleep\n|rule|Species Clause: Limit one of each Pok\u00e9mon\n|rule|OHKO Clause: OHKO moves are banned\n|rule|Evasion Items Clause: Evasion items are banned\n|rule|Evasion Moves Clause: Evasion moves are banned\n|rule|Endless Battle Clause: Forcing endless battles is banned\n|rule|HP Percentage Mod: HP is shown in percentages\n|clearpoke\n|poke|p1|Infernape, F|\n|poke|p1|Rotom-Wash|\n|poke|p1|Kingambit, M|\n|poke|p1|Amoonguss, M|\n|poke|p1|Landorus-Therian, M|\n|poke|p1|Ninetales-Alola, F|\n|poke|p2|Iron Treads|\n|poke|p2|Azelf|\n|poke|p2|Ursaluna-Bloodmoon, M|\n|poke|p2|Sneasler, F|\n|poke|p2|Manaphy|\n|poke|p2|Iron Valiant|\n|teampreview\n|\n|t:|1695165291\n|start\n|switch|p1a: Ninetales|Ninetales-Alola, F, shiny|100/100\n|switch|p2a: Azelf|Azelf|100/100\n|-weather|Snow|[from] ability: Snow Warning|[of] p1a: Ninetales\n|turn|1\n|\n|t:|1695165299\n|move|p2a: Azelf|Taunt|p1a: Ninetales\n|-start|p1a: Ninetales|move: Taunt\n|cant|p1a: Ninetales|move: Taunt|Aurora Veil\n|\n|-weather|Snow|[upkeep]\n|upkeep\n|turn|2\n|\n|t:|1695165306\n|switch|p1a: Kingambit|Kingambit, M, shiny|100/100\n|move|p2a: Azelf|Stealth Rock|p1a: Kingambit\n|-sidestart|p1: InfinityZeroR|move: Stealth Rock\n|\n|-weather|Snow|[upkeep]\n|upkeep\n|turn|3\n|inactive|Battle timer is ON: inactive players will automatically lose when time's up. (requested by InfinityZeroR)\n|\n|t:|1695165324\n|move|p2a: Azelf|Taunt|p1a: Kingambit\n|-start|p1a: Kingambit|move: Taunt\n|cant|p1a: Kingambit|move: Taunt|Swords Dance\n|\n|-weather|Snow|[upkeep]\n|upkeep\n|turn|4\n|l|\u2606InfinityZeroR\n|inactive|InfinityZeroR disconnected and has a minute to reconnect!\n|player|p1|\n|inactive|InfinityZeroR has 30 seconds to reconnect!\n|inactive|InfinityZeroR has 20 seconds to reconnect!\n|inactive|InfinityZeroR has 15 seconds to reconnect!\n|inactive|InfinityZeroR has 10 seconds to reconnect!\n|inactive|InfinityZeroR has 5 seconds to reconnect!\n|j|\u2606InfinityZeroR\n|inactive|InfinityZeroR reconnected and has 75 seconds left.\n|player|p1|InfinityZeroR|2\n|inactive|InfinityZeroR has 60 seconds left.\n|\n|t:|1695165414\n|switch|p2a: Iron Treads|Iron Treads|100/100\n|move|p1a: Kingambit|Iron Head|p2a: Iron Treads\n|-resisted|p2a: Iron Treads\n|-damage|p2a: Iron Treads|82/100\n|\n|-weather|Snow|[upkeep]\n|upkeep\n|turn|5\n|inactive|InfinityZeroR has 60 seconds left.\n|\n|t:|1695165430\n|-end|p1a: Kingambit|fallenundefined|[silent]\n|switch|p1a: Landorus|Landorus-Therian, M, shiny|100/100\n|-damage|p1a: Landorus|88/100|[from] Stealth Rock\n|-ability|p1a: Landorus|Intimidate|boost\n|-unboost|p2a: Iron Treads|atk|1\n|move|p2a: Iron Treads|Ice Spinner|p1a: Landorus\n|-supereffective|p1a: Landorus\n|-damage|p1a: Landorus|27/100\n|-damage|p2a: Iron Treads|65/100|[from] item: Rocky Helmet|[of] p1a: Landorus\n|\n|-weather|none\n|upkeep\n|turn|6\n|inactive|InfinityZeroR has 60 seconds left.\n|-message|InfinityZeroR forfeited.\n|\n|win|TooTall7\n|raw|InfinityZeroR's rating: 1046 &rarr; <strong>1034</strong><br />(-12 for losing)\n|raw|TooTall7's rating: 1147 &rarr; <strong>1165</strong><br />(+18 for winning)\n|l|\u2606InfinityZeroR\n", "uploadtime": 1695165449, "views": 1, "p1id": "infinityzeror", "p2id": "tootall7", "formatid": "gen9ou", "rating": 1034, "private": 0, "password": ""}