{"id": "gen9ou-1947542019", "p1": "Davian624", "p2": "This is scott", "format": "gen9ou", "log": "|j|\u2606Davian624\n|j|\u2606This is scott\n|t:|1695170851\n|gametype|singles\n|player|p1|Davian624|265|1029\n|player|p2|This is scott|lusamine-nihilego|1023\n|teamsize|p1|6\n|teamsize|p2|6\n|gen|9\n|tier|[Gen 9] OU\n|rated|\n|rule|Sleep Clause Mod: Limit one foe put to sleep\n|rule|Species Clause: Limit one of each Pok\u00e9mon\n|rule|OHKO Clause: OHKO moves are banned\n|rule|Evasion Items Clause: Evasion items are banned\n|rule|Evasion Moves Clause: Evasion moves are banned\n|rule|Endless Battle Clause: Forcing endless battles is banned\n|rule|HP Percentage Mod: HP is shown in percentages\n|clearpoke\n|poke|p1|Garchomp, M|\n|poke|p1|Cinderace, M|\n|poke|p1|Glimmora, F|\n|poke|p1|Ogerpon-Wellspring, F|\n|poke|p1|Gholdengo|\n|poke|p1|Tyranitar, F|\n|poke|p2|Sinistcha-Masterpiece|\n|poke|p2|Enamorus, F|\n|poke|p2|Zamazenta-*|\n|poke|p2|Ceruledge, F|\n|poke|p2|Hoopa-Unbound|\n|poke|p2|Manaphy|\n|teampreview\n|\n|t:|1695170867\n|start\n|switch|p1a: Ogerpon|Ogerpon-Wellspring, F|100/100\n|switch|p2a: SWEPT|Manaphy, shiny|100/100\n|turn|1\n|\n|t:|1695170877\n|move|p2a: SWEPT|Rain Dance|p2a: SWEPT\n|-weather|RainDance\n|move|p1a: Ogerpon|Knock Off|p2a: SWEPT\n|-damage|p2a: SWEPT|61/100\n|-enditem|p2a: SWEPT|Leftovers|[from] move: Knock Off|[of] p1a: Ogerpon\n|\n|-weather|RainDance|[upkeep]\n|upkeep\n|turn|2\n|\n|t:|1695170884\n|move|p2a: SWEPT|Tail Glow|p2a: SWEPT\n|-boost|p2a: SWEPT|spa|3\n|move|p1a: Ogerpon|Horn Leech|p2a: SWEPT\n|-supereffective|p2a: SWEPT\n|-damage|p2a: SWEPT|0 fnt\n|faint|p2a: SWEPT\n|\n|-weather|RainDance|[upkeep]\n|upkeep\n|-message|This is scott forfeited.\n|\n|win|Davian624\n|raw|Davian624's rating: 1029 &rarr; <strong>1064</strong><br />(+35 for winning)\n|raw|This is scott's rating: 1023 &rarr; <strong>1010</strong><br />(-13 for losing)\n|l|\u2606This is scott\n", "uploadtime": 1695170900, "views": 1, "p1id": "davian624", "p2id": "thisisscott", "formatid": "gen9ou", "rating": 1010, "private": 0, "password": ""}