{"id": "gen9ou-1947600168", "p1": "Unwallable", "p2": "LeilanPAD", "format": "gen9ou", "log": "|j|\u2606Unwallable\n|j|\u2606LeilanPAD\n|t:|1695176579\n|gametype|singles\n|player|p1|Unwallable|2|\n|player|p2|LeilanPAD|essentia|\n|teamsize|p1|1\n|teamsize|p2|1\n|gen|9\n|tier|[Gen 9] OU\n|rated|Tournament battle\n|rule|Sleep Clause Mod: Limit one foe put to sleep\n|rule|Species Clause: Limit one of each Pok\u00e9mon\n|rule|OHKO Clause: OHKO moves are banned\n|rule|Evasion Items Clause: Evasion items are banned\n|rule|Evasion Moves Clause: Evasion moves are banned\n|rule|Endless Battle Clause: Forcing endless battles is banned\n|rule|HP Percentage Mod: HP is shown in percentages\n|rule|Terastal Clause: You cannot Terastallize\n|clearpoke\n|poke|p1|Iron Bundle|\n|poke|p2|Iron Hands|\n|teampreview\n|inactive|Battle timer is ON: inactive players will automatically lose when time's up. (requested by LeilanPAD)\n|c|\u2606LeilanPAD|glhf\n|c|\u2606Unwallable|gl\n|\n|t:|1695176585\n|start\n|switch|p1a: Iron Bundle|Iron Bundle|100/100\n|switch|p2a: Von Kaiser|Iron Hands, shiny|100/100\n|turn|1\n|j|@Mex\n|\n|t:|1695176591\n|move|p1a: Iron Bundle|Hydro Pump|p2a: Von Kaiser\n|-damage|p2a: Von Kaiser|9/100\n|move|p2a: Von Kaiser|Wild Charge|p1a: Iron Bundle\n|-supereffective|p1a: Iron Bundle\n|-damage|p1a: Iron Bundle|0 fnt\n|faint|p1a: Iron Bundle\n|-end|p1a: Iron Bundle|Quark Drive|[silent]\n|-damage|p2a: Von Kaiser|0 fnt|[from] Recoil\n|faint|p2a: Von Kaiser\n|-end|p2a: Von Kaiser|Quark Drive|[silent]\n|\n|win|LeilanPAD\n|n|\u2606Unwallable|unwallable\n|n|\u2606LeilanPAD|leilanpad\n|n|%Mex|mex\n|c|\u2606LeilanPAD|gg\n|l|\u2606Unwallable\n|l|\u2606LeilanPAD\n", "uploadtime": 1695176610, "views": 3, "p1id": "unwallable", "p2id": "leilanpad", "formatid": "gen9ou", "rating": 0, "private": 0, "password": ""}