{"id": "gen9ou-1947605211", "p1": "CamilaConclave", "p2": "chungusamongus2", "format": "gen9ou", "log": "|j|\u203dCamilaConclave\n|j|\u2606chungusamongus2\n|t:|1695177095\n|gametype|singles\n|player|p1|CamilaConclave|arezu|1027\n|player|p2|chungusamongus2|linebacker|1000\n|teamsize|p1|6\n|teamsize|p2|6\n|gen|9\n|tier|[Gen 9] OU\n|rated|\n|rule|Sleep Clause Mod: Limit one foe put to sleep\n|rule|Species Clause: Limit one of each Pok\u00e9mon\n|rule|OHKO Clause: OHKO moves are banned\n|rule|Evasion Items Clause: Evasion items are banned\n|rule|Evasion Moves Clause: Evasion moves are banned\n|rule|Endless Battle Clause: Forcing endless battles is banned\n|rule|HP Percentage Mod: HP is shown in percentages\n|clearpoke\n|poke|p1|Shiftry, M|\n|poke|p1|Sneasler, F|\n|poke|p1|Ambipom, M|\n|poke|p1|Gliscor, M|\n|poke|p1|Manaphy|\n|poke|p1|Iron Moth|\n|poke|p2|Weavile, F|\n|poke|p2|Hoopa-Unbound|\n|poke|p2|Slaking, M|\n|poke|p2|Haxorus, M|\n|poke|p2|Landorus-Therian, M|\n|poke|p2|Glastrier|\n|teampreview\n|\n|t:|1695177100\n|start\n|switch|p1a: Shiftry|Shiftry, M|100/100\n|switch|p2a: Weavile|Weavile, F|100/100\n|-ability|p2a: Weavile|Pressure\n|turn|1\n|\n|t:|1695177107\n|-terastallize|p2a: Weavile|Dark\n|move|p2a: Weavile|Beat Up|p1a: Shiftry\n|-resisted|p1a: Shiftry\n|-damage|p1a: Shiftry|86/100\n|-resisted|p1a: Shiftry\n|-damage|p1a: Shiftry|66/100\n|-resisted|p1a: Shiftry\n|-damage|p1a: Shiftry|47/100\n|-resisted|p1a: Shiftry\n|-damage|p1a: Shiftry|29/100\n|-resisted|p1a: Shiftry\n|-damage|p1a: Shiftry|14/100\n|-resisted|p1a: Shiftry\n|-damage|p1a: Shiftry|0 fnt\n|faint|p1a: Shiftry\n|-hitcount|p1: Shiftry|6\n|\n|upkeep\n|-message|CamilaConclave forfeited.\n|\n|win|chungusamongus2\n|raw|CamilaConclave's rating: 1027 &rarr; <strong>1012</strong><br />(-15 for losing)\n|raw|chungusamongus2's rating: 1000 &rarr; <strong>1043</strong><br />(+43 for winning)\n|l|\u203dCamilaConclave\n", "uploadtime": 1695177122, "views": 4, "p1id": "camilaconclave", "p2id": "chungusamongus2", "formatid": "gen9ou", "rating": 1012, "private": 0, "password": ""}