{"id": "gen9ou-1947601739", "p1": "Fiery taco", "p2": "frokathan", "format": "gen9ou", "log": "|j|\u2606Fiery taco\n|j|\u2606frokathan\n|t:|1695176741\n|gametype|singles\n|player|p1|Fiery taco|buck|1171\n|player|p2|frokathan|n|1225\n|teamsize|p1|6\n|teamsize|p2|6\n|gen|9\n|tier|[Gen 9] OU\n|rated|\n|rule|Sleep Clause Mod: Limit one foe put to sleep\n|rule|Species Clause: Limit one of each Pok\u00e9mon\n|rule|OHKO Clause: OHKO moves are banned\n|rule|Evasion Items Clause: Evasion items are banned\n|rule|Evasion Moves Clause: Evasion moves are banned\n|rule|Endless Battle Clause: Forcing endless battles is banned\n|rule|HP Percentage Mod: HP is shown in percentages\n|clearpoke\n|poke|p1|Clodsire, M|\n|poke|p1|Okidogi, M|\n|poke|p1|Dondozo, F|\n|poke|p1|Sinistcha-Masterpiece|\n|poke|p1|Weavile, F|\n|poke|p1|Great Tusk|\n|poke|p2|Ogerpon-Cornerstone, F|\n|poke|p2|Indeedee, M|\n|poke|p2|Sneasler, F|\n|poke|p2|Armarouge, M|\n|poke|p2|Hydreigon, F|\n|poke|p2|Greninja-*, M|\n|teampreview\n|inactive|Battle timer is ON: inactive players will automatically lose when time's up. (requested by Fiery taco)\n|\n|t:|1695176755\n|start\n|switch|p1a: Okidogi|Okidogi, M|100/100\n|switch|p2a: Indeedee|Indeedee, M|100/100\n|-fieldstart|move: Psychic Terrain|[from] ability: Psychic Surge|[of] p2a: Indeedee\n|turn|1\n|\n|t:|1695176771\n|switch|p1a: Weavile|Weavile, F|100/100\n|-ability|p1a: Weavile|Pressure\n|move|p2a: Indeedee|Psychic|p1a: Weavile\n|-immune|p1a: Weavile\n|\n|upkeep\n|turn|2\n|\n|t:|1695176783\n|switch|p2a: Armarouge|Armarouge, M|100/100\n|move|p1a: Weavile|Knock Off|p2a: Armarouge\n|-supereffective|p2a: Armarouge\n|-enditem|p2a: Armarouge|Focus Sash\n|-damage|p2a: Armarouge|1/100\n|-ability|p2a: Armarouge|Weak Armor|boost\n|-unboost|p2a: Armarouge|def|1\n|-boost|p2a: Armarouge|spe|2\n|-damage|p1a: Weavile|91/100|[from] item: Life Orb\n|\n|upkeep\n|turn|3\n|\n|t:|1695176794\n|move|p1a: Weavile|Ice Shard|p2a: Armarouge\n|-activate|p2a: Armarouge|move: Psychic Terrain\n|move|p2a: Armarouge|Armor Cannon|p1a: Weavile\n|-supereffective|p1a: Weavile\n|-damage|p1a: Weavile|0 fnt\n|-unboost|p2a: Armarouge|def|1\n|-unboost|p2a: Armarouge|spd|1\n|faint|p1a: Weavile\n|\n|upkeep\n|\n|t:|1695176813\n|switch|p1a: Dondozo|Dondozo, F|100/100\n|turn|4\n|\n|t:|1695176825\n|-terastallize|p2a: Armarouge|Grass\n|move|p2a: Armarouge|Energy Ball|p1a: Dondozo\n|-supereffective|p1a: Dondozo\n|-damage|p1a: Dondozo|0 fnt\n|faint|p1a: Dondozo\n|\n|upkeep\n|\n|t:|1695176830\n|switch|p1a: Okidogi|Okidogi, M|100/100\n|turn|5\n|\n|t:|1695176834\n|move|p2a: Armarouge|Expanding Force|p1a: Okidogi\n|-supereffective|p1a: Okidogi\n|-damage|p1a: Okidogi|0 fnt\n|faint|p1a: Okidogi\n|\n|upkeep\n|\n|t:|1695176844\n|switch|p1a: Sinistcha|Sinistcha-Masterpiece|100/100\n|turn|6\n|\n|t:|1695176863\n|move|p2a: Armarouge|Expanding Force|p1a: Sinistcha\n|-damage|p1a: Sinistcha|0 fnt\n|faint|p1a: Sinistcha\n|\n|upkeep\n|\n|t:|1695176868\n|switch|p1a: Great Tusk|Great Tusk|100/100\n|turn|7\n|\n|t:|1695176874\n|move|p2a: Armarouge|Expanding Force|p1a: Great Tusk\n|-supereffective|p1a: Great Tusk\n|-damage|p1a: Great Tusk|0 fnt\n|faint|p1a: Great Tusk\n|-end|p1a: Great Tusk|Protosynthesis|[silent]\n|\n|upkeep\n|\n|t:|1695176886\n|switch|p1a: Clodsire|Clodsire, M|100/100\n|turn|8\n|inactive|Fiery taco has 120 seconds left.\n|inactive|Fiery taco has 90 seconds left.\n|inactive|Fiery taco has 60 seconds left.\n|inactive|Fiery taco has 30 seconds left.\n|inactive|Fiery taco has 20 seconds left.\n|inactive|Fiery taco has 15 seconds left.\n|inactive|Fiery taco has 10 seconds left.\n|inactive|Fiery taco has 5 seconds left.\n|-message|Fiery taco lost due to inactivity.\n|\n|win|frokathan\n|raw|Fiery taco's rating: 1171 &rarr; <strong>1150</strong><br />(-21 for losing)\n|raw|frokathan's rating: 1225 &rarr; <strong>1246</strong><br />(+21 for winning)\n", "uploadtime": 1695177039, "views": 8, "p1id": "fierytaco", "p2id": "frokathan", "formatid": "gen9ou", "rating": 1150, "private": 0, "password": ""}